% bib2017.bib
% bibliography related to the diary: master.tex
% always add your new references on the top so references are organised from the newest to the oldest one (according to the date you read it, not to the date it was published)

@article{follows2011modeling,
  author = {Michael J. Follows and Stephanie Dutkiewicz},
  title = {Modeling Diverse Communities of Marine Microbes},
  journal = {Annual Review of Marine Science},
  volume = {3},
  number = {1},
  pages = {427-451},
  year = {2011},
  doi = {10.1146/annurev-marine-120709-142848},
      note ={PMID: 21329212},
  URL = {https://doi.org/10.1146/annurev-marine-120709-142848},
  eprint = {https://doi.org/10.1146/annurev-marine-120709-142848}
}

@article{maki2017sample,
  title={Sample Preservation, DNA or RNA Extraction and Data Analysis for High-Throughput Phytoplankton Community Sequencing},
  author={M{\"a}ki, Anita and Salmi, Pauliina and Mikkonen, Anu and Kremp, Anke and Tiirola, Marja},
  journal={Frontiers in microbiology},
  volume={8},
  pages={1848},
  year={2017},
  publisher={Frontiers}
}

@article{williams2016marine,
  title={Marine phytoplankton preservation with Lugol’s: a comparison of solutions},
  author={Williams, Oliver J and Beckett, Rachel E and Maxwell, David L},
  journal={Journal of applied phycology},
  volume={28},
  number={3},
  pages={1705--1712},
  year={2016},
  publisher={Springer}
}

@article{milo2009bionumbers,
  author = {Milo, Ron and Jorgensen, Paul and Moran, Uri and Weber, Griffin and Springer, Michael},
  title = {BioNumbers: the database of key numbers in molecular and cell biology},
  journal = {Nucleic Acids Research},
  volume = {38},
  pages = {D750-D753},
  year = {2010},
  doi = {10.1093/nar/gkp889}
}

@article{finkel2016phylogenetic,
  title={Phylogenetic diversity in the macromolecular composition of microalgae},
  author={Finkel, Zoe V and Follows, Mick J and Liefer, Justin D and Brown, Chris M and Benner, Ina and Irwin, Andrew J},
  journal={PloS one},
  volume={11},
  number={5},
  pages={e0155977},
  year={2016},
  publisher={Public Library of Science}
}

@article{mackey1997effect,
  title={Effect of pH and ionic strength on the spectrophotometric assessment of nucleic acid purity},
  author={Mackey, Karol and Chomczynski, Piotr},
  journal={Biotechniques},
  volume={22},
  number={3},
  pages={474--481},
  year={1997}
}

@article{reynisson2010optimization,
  title={Optimization of sample preparation--filtration and DNA extraction--for the analysis of seawater samples},
  author={Reynisson, Eyj{\'o}lfur and R{\'u}narsson, {\'A}rni Rafn and Magn{\'u}sson, Sveinn Haukur and Seehafer, Desiree and Marteinsson, Vigg{\'o} {\TH}{\'o}r},
  year={2010},
  month = {11}
}

@article{spidlen2012flowrepository,
  title={FlowRepository: A resource of annotated flow cytometry datasets associated with peer-reviewed publications},
  author={Spidlen, Josef and Breuer, Karin and Rosenberg, Chad and Kotecha, Nikesh and Brinkman, Ryan R},
  journal={Cytometry Part A},
  volume={81},
  number={9},
  pages={727--731},
  year={2012},
  publisher={Wiley Online Library}
}

@article{gotelli2013measuring,
  title={Measuring and estimating species richness, species diversity, and biotic similarity from sampling data},
  author={Gotelli, Nicholas J and Chao, Anne},
  year={2013},
  publisher={Elsevier Inc.}
}

@article{sepkoski1988alpha,
  title={Alpha, beta, or gamma: where does all the diversity go?},
  author={Sepkoski, J John},
  journal={Paleobiology},
  volume={14},
  number={3},
  pages={221--234},
  year={1988},
  publisher={Cambridge University Press},
  DOI={10.1017/S0094837300011969}
}

@article{zhang2013pear,
author = {Zhang, Jiajie and Kobert, Kassian and Flouri, Tomáš and Stamatakis, Alexandros},
title = {PEAR: a fast and accurate Illumina Paired-End reAd mergeR},
journal = {Bioinformatics},
volume = {30},
number = {5},
pages = {614-620},
year = {2014},
doi = {10.1093/bioinformatics/btt593},
URL = { + http://dx.doi.org/10.1093/bioinformatics/btt593},
eprint = {/oup/backfile/content_public/journal/bioinformatics/30/5/10.1093/bioinformatics/btt593/2/btt593.pdf}
}

@article{kunin2008bioinformatician,
  title={A bioinformatician's guide to metagenomics},
  author={Kunin, Victor and Copeland, Alex and Lapidus, Alla and Mavromatis, Konstantinos and Hugenholtz, Philip},
  journal={Microbiology and molecular biology reviews},
  volume={72},
  number={4},
  pages={557--578},
  year={2008},
  publisher={Am Soc Microbiol}
}

@article{props2016measuring,
  title={Measuring the biodiversity of microbial communities by flow cytometry},
  author={Props, Ruben and Monsieurs, Pieter and Mysara, Mohamed and Clement, Lieven and Boon, Nico},
  journal={Methods in Ecology and Evolution},
  volume={7},
  number={11},
  pages={1376--1385},
  year={2016},
  publisher={Wiley Online Library}
}

@article{sanders1968marine,
  title={Marine benthic diversity: a comparative study},
  author={Sanders, Howard L},
  journal={The American Naturalist},
  volume={102},
  number={925},
  pages={243--282},
  year={1968},
  publisher={University of Chicago Press}
}

@article{mcmurdie2014waste,
  title={Waste not, want not: why rarefying microbiome data is inadmissible},
  author={McMurdie, Paul J and Holmes, Susan},
  journal={PLoS Computational Biology},
  volume={10},
  number={4},
  pages={e1003531},
  year={2014},
  month = {04},
  publisher={Public Library of Science},
  url = {https://doi.org/10.1371/journal.pcbi.1003531},
  number = {4},
  doi = {10.1371/journal.pcbi.1003531}
}

@article{mitchell2017ebi,
  title={EBI Metagenomics in 2017: enriching the analysis of microbial communities, from sequence reads to assemblies},
  author={Mitchell, Alex L and Scheremetjew, Maxim and Denise, Hubert and Potter, Simon and Tarkowska, Aleksandra and Qureshi, Matloob and Salazar, Gustavo A and Pesseat, Sebastien and Boland, Miguel A and Hunter, Fiona MI and others},
  journal={Nucleic acids research},
  year={2017},
  doi = {10.1093/nar/gkx967},
  URL = {http://dx.doi.org/10.1093/nar/gkx967}
}

@article{ziels2017dna,
  title={DNA-SIP based genome-centric metagenomics identifies key long-chain fatty acid-degrading populations in anaerobic digesters with different feeding frequencies},
  author={Ziels, Ryan M and Sousa, Diana Z and Stensel, H David and Beck, David AC},
  journal={The ISME Journal},
  pages={ismej2017143},
  year={2017},
  publisher={Nature Publishing Group}
}

@article{tickle2013two,
  title={Two-stage microbial community experimental design},
  author={Tickle, Timothy L and Segata, Nicola and Waldron, Levi and Weingart, Uri and Huttenhower, Curtis},
  journal={The ISME journal},
  volume={7},
  number={12},
  pages={2330--2339},
  year={2013},
  publisher={Nature Publishing Group}
}

@article{ni2013much,
  title={How much metagenomic sequencing is enough to achieve a given goal?},
  author={Ni, Jiajia and Yan, Qingyun and Yu, Yuhe},
  journal={Scientific reports},
  volume={3},
  year={2013},
  publisher={Nature Publishing Group}
}

@article{rodriguez2014estimating,
  title={Estimating coverage in metagenomic data sets and why it matters},
  author={Rodriguez-r, Luis M and Konstantinidis, Konstantinos T},
  journal={The ISME journal},
  volume={8},
  number={11},
  pages={2349},
  year={2014},
  publisher={Nature Publishing Group}
}

@article{beck2012diversity,
  title={The diversity of cyanobacterial metabolism: genome analysis of multiple phototrophic microorganisms},
  author={Beck, Christian and Knoop, Henning and Axmann, Ilka M and Steuer, Ralf},
  journal={BMC genomics},
  volume={13},
  number={1},
  pages={56},
  year={2012},
  publisher={BioMed Central}
}

@article{amaral2009method,
  title={A method for studying protistan diversity using massively parallel sequencing of V9 hypervariable regions of small-subunit ribosomal RNA genes},
  author={Amaral-Zettler, Linda A and McCliment, Elizabeth A and Ducklow, Hugh W and Huse, Susan M},
  journal={PloS one},
  volume={4},
  number={7},
  pages={e6372},
  year={2009},
  publisher={Public Library of Science}
}

@article{huber2007microbial,
  title={Microbial population structures in the deep marine biosphere},
  author={Huber, Julie A and Welch, David B Mark and Morrison, Hilary G and Huse, Susan M and Neal, Phillip R and Butterfield, David A and Sogin, Mitchell L},
  journal={science},
  volume={318},
  number={5847},
  pages={97--100},
  year={2007},
  publisher={American Association for the Advancement of Science}
}

@article{venter2004environmental,
  title={Environmental genome shotgun sequencing of the Sargasso Sea},
  author={Venter, J Craig and Remington, Karin and Heidelberg, John F and Halpern, Aaron L and Rusch, Doug and Eisen, Jonathan A and Wu, Dongying and Paulsen, Ian and Nelson, Karen E and Nelson, William and others},
  journal={science},
  volume={304},
  number={5667},
  pages={66--74},
  year={2004},
  publisher={American Association for the Advancement of Science}
}

@article{amaral2010global,
  title={A global census of marine microbes},
  author={Amaral-Zettler, Linda and Artigas, Luis Felipe and Baross, John and Bharathi, Loka and Boetius, Antje and Chandramohan, Dorairajasingam and Herndl, Gerhard and Kogure, Kazuhiro and Neal, Phillip and Pedr{\'o}s-Ali{\'o}, Carlos and others},
  journal={Life in the world’s oceans: diversity, distribution and abundance. Oxford: Blackwell Publishing Ltd},
  pages={223--245},
  year={2010}
}

@article{singer2016next,
  title={Next generation sequencing data of a defined microbial mock community},
  author={Singer, Esther and Andreopoulos, Bill and Bowers, Robert M and Lee, Janey and Deshpande, Shweta and Chiniquy, Jennifer and Ciobanu, Doina and Klenk, Hans-Peter and Zane, Matthew and Daum, Christopher and others},
  journal={Scientific data},
  volume={3},
  pages={160081},
  year={2016},
  publisher={Nature Publishing Group}
}

@article{parada2016every,
  title={Every base matters: assessing small subunit rRNA primers for marine microbiomes with mock communities, time series and global field samples},
  author={Parada, Alma E and Needham, David M and Fuhrman, Jed A},
  journal={Environmental microbiology},
  volume={18},
  number={5},
  pages={1403--1414},
  year={2016},
  publisher={Wiley Online Library}
}

@article{brooks2015truth,
  title={The truth about metagenomics: quantifying and counteracting bias in 16S rRNA studies},
  author={Brooks, J Paul and Edwards, David J and Harwich, Michael D and Rivera, Maria C and Fettweis, Jennifer M and Serrano, Myrna G and Reris, Robert A and Sheth, Nihar U and Huang, Bernice and Girerd, Philippe and others},
  journal={BMC microbiology},
  volume={15},
  number={1},
  pages={66},
  year={2015},
  publisher={BioMed Central}
}

@article{quince2017shotgun,
  title={Shotgun metagenomics, from sampling to analysis},
  author={Quince, Christopher and Walker, Alan W and Simpson, Jared T and Loman, Nicholas J and Segata, Nicola},
  journal={Nature Biotechnology},
  volume={35},
  number={9},
  pages={833--844},
  year={2017},
  publisher={Nature Research}
}

% EUK2 primers: 1389F and 1510R
@article{de2015eukaryotic,
  title={Eukaryotic plankton diversity in the sunlit ocean},
  author={De Vargas, Colomban and Audic, St{\'e}phane and Henry, Nicolas and Decelle, Johan and Mah{\'e}, Fr{\'e}d{\'e}ric and Logares, Ramiro and Lara, Enrique and Berney, C{\'e}dric and Le Bescot, Noan and Probert, Ian and others},
  journal={Science},
  volume={348},
  number={6237},
  pages={1261605},
  year={2015},
  publisher={American Association for the Advancement of Science}
}

% EMP primer
@article{caporaso2011global,
  title={Global patterns of 16S rRNA diversity at a depth of millions of sequences per sample},
  author={Caporaso, J Gregory and Lauber, Christian L and Walters, William A and Berg-Lyons, Donna and Lozupone, Catherine A and Turnbaugh, Peter J and Fierer, Noah and Knight, Rob},
  journal={Proceedings of the National Academy of Sciences},
  volume={108},
  number={Supplement 1},
  pages={4516--4522},
  year={2011},
  publisher={National Acad Sciences}
}

@book{buffalo2015bioinformatics,
  title={Bioinformatics data skills: Reproducible and robust research with open source tools},
  author={Buffalo, Vince},
  year={2015},
  publisher={"O'Reilly Media, Inc."}
}

@article{grzymski2012metagenomic,
  title={A metagenomic assessment of winter and summer bacterioplankton from Antarctica Peninsula coastal surface waters},
  author={Grzymski, Joseph J and Riesenfeld, Christian S and Williams, Timothy J and Dussaq, Alex M and Ducklow, Hugh and Erickson, Matthew and Cavicchioli, Ricardo and Murray, Alison E},
  journal={The ISME journal},
  volume={6},
  number={10},
  pages={1901--1915},
  year={2012},
  publisher={Nature Publishing Group}
}

@article{altschul1990basic,
  title={Basic local alignment search tool},
  author={Altschul, Stephen F and Gish, Warren and Miller, Webb and Myers, Eugene W and Lipman, David J},
  journal={Journal of molecular biology},
  volume={215},
  number={3},
  pages={403--410},
  year={1990},
  publisher={Elsevier}
}

@article{mcmurdie2013phyloseq,
  title={phyloseq: an R package for reproducible interactive analysis and graphics of microbiome census data},
  author={McMurdie, Paul J and Holmes, Susan},
  journal={PloS one},
  volume={8},
  number={4},
  pages={e61217},
  year={2013},
  publisher={Public Library of Science}
}

@article{quast2012silva,
author = {Quast, Christian and Pruesse, Elmar and Yilmaz, Pelin and Gerken, Jan and Schweer, Timmy and Yarza, Pablo and Peplies, Jörg and Glöckner, Frank Oliver},
title = {The SILVA ribosomal RNA gene database project: improved data processing and web-based tools},
journal = {Nucleic Acids Research},
volume = {41},
number = {D1},
pages = {D590-D596},
year = {2013},
doi = {10.1093/nar/gks1219},
URL = { + http://dx.doi.org/10.1093/nar/gks1219},
eprint = {/oup/backfile/content_public/journal/nar/41/d1/10.1093/nar/gks1219/2/gks1219.pdf}
}

@article{callahan2016dada2,
  title={DADA2: high-resolution sample inference from Illumina amplicon data},
  author={Callahan, Benjamin J and McMurdie, Paul J and Rosen, Michael J and Han, Andrew W and Johnson, Amy Jo A and Holmes, Susan P},
  journal={Nature methods},
  volume={13},
  number={7},
  pages={581--583},
  year={2016},
  publisher={Nature Research}
}

@book{johnson2015laboratory,
  title={Laboratory experiments in microbiology},
  author={Johnson, Ted R and Case, Christine L},
  year={2015},
  publisher={Pearson}
}

% EUKARYOTE PRIMER 3NDf
@article{braate2010freshwater,
  title={Freshwater Perkinsea and marine-freshwater colonizations revealed by pyrosequencing and phylogeny of environmental rDNA},
  author={Br{\aa}te, Jon and Logares, Ramiro and Berney, C{\'e}dric and Ree, Dan Kristofer and Klaveness, Dag and Jakobsen, Kjetill S and Shalchian-Tabrizi, Kamran},
  journal={The ISME Journal},
  volume={4},
  number={9},
  pages={1144},
  year={2010},
  publisher={Nature Publishing Group}
}

@article{caporaso2012ultra,
  title={Ultra-high-throughput microbial community analysis on the Illumina HiSeq and MiSeq platforms},
  author={Caporaso, J Gregory and Lauber, Christian L and Walters, William A and Berg-Lyons, Donna and Huntley, James and Fierer, Noah and Owens, Sarah M and Betley, Jason and Fraser, Louise and Bauer, Markus and others},
  journal={The ISME journal},
  volume={6},
  number={8},
  pages={1621},
  year={2012},
  publisher={Nature Publishing Group}
}

@article{apprill2015minor,
  title={Minor revision to V4 region SSU rRNA 806R gene primer greatly increases detection of SAR11 bacterioplankton},
  author={Apprill, Amy and McNally, Sean and Parsons, Rachel and Weber, Laura},
  year={2015},
  publisher={Inter-Research}
}

@article{maberly2017ecological,
  title={Ecological imperatives for aquatic carbon dioxide-concentrating mechanisms},
  author={Maberly, Stephen C and Gontero, Brigitte},
  journal={Journal of Experimental Botany},
  year={2017}
}

@article{aghaeepour2011rapid,
  title={Rapid cell population identification in flow cytometry data},
  author={Aghaeepour, Nima and Nikolic, Radina and Hoos, Holger H and Brinkman, Ryan R},
  journal={Cytometry Part A},
  volume={79},
  number={1},
  pages={6--13},
  year={2011},
  publisher={Wiley Online Library}
}

@article{aghaeepour2013critical,
  title={Critical assessment of automated flow cytometry data analysis techniques},
  author={Aghaeepour, Nima and Finak, Greg and Hoos, Holger and Mosmann, Tim R and Brinkman, Ryan and Gottardo, Raphael and Scheuermann, Richard H and FlowCAP Consortium and DREAM Consortium and others},
  journal={Nature methods},
  volume={10},
  number={3},
  pages={228--238},
  year={2013},
  publisher={Nature Research}
}

@article{tringe2005metagenomics,
  title={Metagenomics: DNA sequencing of environmental samples},
  author={Tringe, Susannah Green and Rubin, Edward M},
  journal={Nature reviews. Genetics},
  volume={6},
  number={11},
  pages={805},
  year={2005},
  publisher={Nature Publishing Group}
}

@article{gerikas2016estimating,
  title={Estimating microbial populations by flow cytometry: Comparison between instruments},
  author={G{\'e}rikas Ribeiro, Catherine and Marie, Dominique and Lopes dos Santos, Adriana and Pereira Brandini, Frederico and Vaulot, Daniel},
  journal={Limnology and Oceanography: Methods},
  volume={14},
  number={11},
  pages={750--758},
  year={2016},
  publisher={Wiley Online Library}
}

@article{le2007data,
  title={Data quality assessment of ungated flow cytometry data in high throughput experiments},
  author={Le Meur, Nolwenn and Rossini, Anthony and Gasparetto, Maura and Smith, Clay and Brinkman, Ryan R and Gentleman, Robert},
  journal={Cytometry Part A},
  volume={71},
  number={6},
  pages={393--403},
  year={2007},
  publisher={Wiley Online Library}
}

@book{richard2010ocean,
  title={Ocean Drifters: A Secret World Beneath the Waves},
  author={Richard R Kirby and Kirby, R.R.},
  isbn={9781904239109},
  url={https://books.google.is/books?id=Ee-dcQAACAAJ},
  year={2010},
  publisher={Studio Cactus}
}


@article{hsiao2016mapping,
  title={Mapping cell populations in flow cytometry data for cross-sample comparison using the Friedman--Rafsky test statistic as a distance measure},
  author={Hsiao, Chiaowen and Liu, Mengya and Stanton, Rick and McGee, Monnie and Qian, Yu and Scheuermann, Richard H},
  journal={Cytometry Part A},
  volume={89},
  number={1},
  pages={71--88},
  year={2016},
  publisher={Wiley Online Library}
}

@article{haggerty2017distinct,
  title={Distinct biogeographical patterns of marine bacterial taxonomy and functional genes},
  author={Haggerty, John Matthew and Dinsdale, Elizabeth Ann},
  journal={Global Ecology and Biogeography},
  volume={26},
  number={2},
  pages={177--190},
  year={2017},
  publisher={Wiley Online Library}
}

@incollection{sosik2010flow,
  title={Flow cytometry in phytoplankton research},
  author={Sosik, Heidi M and Olson, Robert J and Armbrust, E Virginia},
  booktitle={Chlorophyll a fluorescence in aquatic sciences: Methods and applications},
  pages={171--185},
  year={2010},
  publisher={Springer}
}

@article{chomczynski2006single,
  title={The single-step method of RNA isolation by acid guanidinium thiocyanate--phenol--chloroform extraction: twenty-something years on},
  author={Chomczynski, Piotr and Sacchi, Nicoletta},
  journal={Nature protocols},
  volume={1},
  number={2},
  pages={581--585},
  year={2006},
  publisher={Nature Publishing Group}
}

@article{schneider2017extraction,
  title={Extraction of Total DNA and RNA from Marine Filter Samples and Generation of a cDNA as Universal Template for Marker Gene Studies},
  author={Schneider, Dominik and Wemheuer, Franziska and Pfeiffer, Birgit and Wemheuer, Bernd},
  journal={Metagenomics: Methods and Protocols},
  pages={13--22},
  year={2017},
  publisher={Springer}
}

@article{hahne2009flowcore,
  title={flowCore: a Bioconductor package for high throughput flow cytometry},
  author={Hahne, Florian and LeMeur, Nolwenn and Brinkman, Ryan R and Ellis, Byron and Haaland, Perry and Sarkar, Deepayan and Spidlen, Josef and Strain, Errol and Gentleman, Robert},
  journal={BMC bioinformatics},
  volume={10},
  number={1},
  pages={106},
  year={2009},
  publisher={BioMed Central}
}

@article{hurt2001simultaneous,
  title={Simultaneous recovery of RNA and DNA from soils and sediments},
  author={Hurt, Richard A and Qiu, Xiaoyun and Wu, Liyou and Roh, Yul and Palumbo, AV and Tiedje, JM and Zhou, Jizhong},
  journal={Applied and Environmental Microbiology},
  volume={67},
  number={10},
  pages={4495--4503},
  year={2001},
  publisher={Am Soc Microbiol}
}

@article{baguette2017ecology,
author={Baguette, Michel and Michniewicz, Radika and Stevens, Virginie M.},
title={Ecology: From genes to metapopulations},
journal={Nature Ecology \& Evolution},
year={2017},
month={Apr},
day={03},
publisher={Macmillan Publishers Limited SN  -},
volume={1},
pages={0130 EP  -},
note={News and Views},
url={http://dx.doi.org/10.1038/s41559-017-0130}
}

@article{quince2008rational,
  title={The rational exploration of microbial diversity},
  author={Quince, Christopher and Curtis, Thomas P and Sloan, William T},
  journal={The ISME journal},
  volume={2},
  number={10},
  pages={997--1006},
  year={2008},
  publisher={Nature Publishing Group}
}

@article{balvovciute2017silva,
  title={SILVA, RDP, Greengenes, NCBI and OTTâ€”how do these taxonomies compare?},
  author={Balvo{\v{c}}i{\=u}t{\.e}, Monika and Huson, Daniel H},
  journal={BMC Genomics},
  volume={18},
  number={2},
  pages={114},
  year={2017},
  publisher={BioMed Central}
}


@phdthesis{newbold2014microbial,
  author= {Newbold, Lindsay Kate}, 
  title= {Microbial community organisation and functioning under ocean acidification conditions},
  publisher={Newcastle University},
  school={School of Civil Engineering and Geosciences},
  year={2014},
  month={7}
}

@book{houghton1995climate,
  title={Climate change 1994: radiative forcing of climate change and an evaluation of the IPCC 1992 IS92 emission scenarios},
  author={Houghton, John T},
  year={1995},
  publisher={Cambridge University Press}
}

@article{doyle1990isolation,
  title={Isolation of plant DNA from fresh tissue},
  author={Doyle, Jeff J},
  journal={Focus},
  volume={12},
  pages={13--15},
  year={1990}
}

@article{kopf2015ocean,
  title={The ocean sampling day consortium},
  author={Kopf, Anna and Bicak, Mesude and Kottmann, Renzo and Schnetzer, Julia and Kostadinov, Ivaylo and Lehmann, Katja and Fernandez-Guerra, Antonio and Jeanthon, Christian and Rahav, Eyal and Ullrich, Matthias and others},
  journal={Gigascience},
  volume={4},
  number={1},
  pages={27},
  year={2015},
  publisher={BioMed Central}
}

@article{morono2014hot,
  title={Hot-alkaline DNA extraction method for deep-subseafloor archaeal communities},
  author={Morono, Yuki and Terada, Takeshi and Hoshino, Tatsuhiko and Inagaki, Fumio},
  journal={Applied and environmental microbiology},
  volume={80},
  number={6},
  pages={1985--1994},
  year={2014},
  publisher={Am Soc Microbiol}
}

@article{kahle2013ggmap,
  title={ggmap: Spatial Visualization with ggplot2},
  author={Kahle, David and Wickham, Hadley},
  journal={The R Journal},
  volume={5},
  number={1},
  pages={144--161},
  year={2013}
}

@article{grob2015combining,
  title={Combining metagenomics with metaproteomics and stable isotope probing reveals metabolic pathways used by a naturally occurring marine methylotroph},
  author={Grob, Carolina and Taubert, Martin and Howat, Alexandra M and Burns, Oliver J and Dixon, Joanna L and Richnow, Hans H and Jehmlich, Nico and von Bergen, Martin and Chen, Yin and Murrell, J Colin},
  journal={Environmental microbiology},
  volume={17},
  number={10},
  pages={4007--4018},
  year={2015},
  publisher={Wiley Online Library}
}

@article{neufeld2007stable,
  title={Stable-isotope probing implicates \textit{Methylophaga} spp and novel \textit{Gammaproteobacteria} in marine methanol and methylamine metabolism},
  author={Neufeld, Josh D and Sch{\"a}fer, Hendrik and Cox, Michael J and Boden, Rich and McDonald, Ian R and Murrell, J Colin},
  journal={The ISME journal},
  volume={1},
  number={6},
  pages={480--491},
  year={2007},
  publisher={Nature Publishing Group}
}

@article{burden2012guide,
  title={Guide to the disruption of biological samples-2012},
  author={Burden, David W},
  journal={Random Primers},
  volume={12},
  number={1},
  year={2012}
}

@article{neufeld2008marine,
  title={Marine methylotrophs revealed by stable-isotope probing, multiple displacement amplification and metagenomics},
  author={Neufeld, Josh D and Chen, Yin and Dumont, Marc G and Murrell, J Colin},
  journal={Environmental microbiology},
  volume={10},
  number={6},
  pages={1526--1535},
  year={2008},
  publisher={Wiley Online Library}
}

@article{buckley2007stable,
  title={Stable isotope probing with 15N2 reveals novel noncultivated diazotrophs in soil},
  author={Buckley, Daniel H and Huangyutitham, Varisa and Hsu, Shi-Fang and Nelson, Tyrrell A},
  journal={Applied and environmental microbiology},
  volume={73},
  number={10},
  pages={3196--3204},
  year={2007},
  publisher={Am Soc Microbiol}
}

@article{spits2006whole,
  title={Whole-genome multiple displacement amplification from single cells},
  author={Spits, Claudia and Le Caignec, C{\'e}dric and De Rycke, Martine and Van Haute, Lindsey and Van Steirteghem, Andr{\'e} and Liebaers, Inge and Sermon, Karen},
  journal={Nature protocols},
  volume={1},
  number={4},
  pages={1965--1970},
  year={2006},
  publisher={Nature Publishing Group}
}

@article{chen2010metagenomics,
  title={When metagenomics meets stable-isotope probing: progress and perspectives},
  author={Chen, Yin and Murrell, J Colin},
  journal={Trends in microbiology},
  volume={18},
  number={4},
  pages={157--163},
  year={2010},
  publisher={Elsevier}
}

@article{bell2011identification,
  title={Identification of nitrogen-incorporating bacteria in petroleum-contaminated arctic soils by using [15N] DNA-based stable isotope probing and pyrosequencing},
  author={Bell, Terrence H and Yergeau, Etienne and Martineau, Christine and Juck, David and Whyte, Lyle G and Greer, Charles W},
  journal={Applied and Environmental Microbiology},
  volume={77},
  number={12},
  pages={4163--4171},
  year={2011},
  publisher={Am Soc Microbiol}
}

@incollection{bolhuis2016so,
  title={What is so Special About Marine Microorganisms? Introduction to the Marine Microbiome—From Diversity to Biotechnological Potential},
  author={Bolhuis, Henk and Cretoiu, Mariana Silvia},
  booktitle={The Marine Microbiome},
  pages={3--20},
  year={2016},
  publisher={Springer}
}

@article{zhou1996dna,
  title={DNA recovery from soils of diverse composition.},
  author={Zhou, Jizhong and Bruns, Mary Ann and Tiedje, James M},
  journal={Applied and environmental microbiology},
  volume={62},
  number={2},
  pages={316--322},
  year={1996},
  publisher={Am Soc Microbiol}
}

@article{dumont2005stable,
  title={Stable isotope probing—linking microbial identity to function},
  author={Dumont, Marc G and Murrell, J Colin},
  journal={Nature Reviews Microbiology},
  volume={3},
  number={6},
  pages={499--504},
  year={2005},
  publisher={Nature Publishing Group}
}

@article{neufeld2007dna,
  title={DNA stable-isotope probing},
  author={Neufeld, Josh D and Vohra, Jyotsna and Dumont, Marc G and Lueders, Tillmann and Manefield, Mike and Friedrich, Michael W and Murrell, J Colin},
  journal={Nature protocols},
  volume={2},
  number={4},
  pages={860--866},
  year={2007},
  publisher={Nature Publishing Group}
}

@article{radajewski2000stable,
  title={Stable-isotope probing as a tool in microbial ecology},
  author={Radajewski, Stefan and Ineson, Philip and Parekh, Nisha R and Murrell, J Colin},
  journal={Nature},
  volume={403},
  number={6770},
  pages={646--649},
  year={2000},
  publisher={Nature Publishing Group}
}

@book{stal2016marine,
  title={The Marine Microbiome},
  author={Stal, Lucas J and Cretoiu, Mariana Silvia},
  publisher={Springer},
  year={2016},
  isbn={978-3-319-32998-7}
}

@article{moran2015global,
  title={The global ocean microbiome},
  author={Moran, Mary Ann},
  journal={Science},
  volume={350},
  number={6266},
  pages={aac8455},
  year={2015},
  publisher={American Association for the Advancement of Science}
}

@article{karsenti2011holistic,
  title={A holistic approach to marine eco-systems biology},
  author={Karsenti, Eric and Acinas, Silvia G and Bork, Peer and Bowler, Chris and De Vargas, Colomban and Raes, Jeroen and Sullivan, Matthew and Arendt, Detlev and Benzoni, Francesca and Claverie, Jean-Michel and others},
  journal={PLoS biol},
  volume={9},
  number={10},
  pages={e1001177},
  year={2011},
  publisher={Public Library of Science}
}

@article{lever2015modular,
  title={A modular method for the extraction of DNA and RNA, and the separation of DNA pools from diverse environmental sample types},
  author={Lever, Mark A and Torti, Andrea and Eickenbusch, Philip and Michaud, Alexander B and {\v{S}}antl-Temkiv, Tina and J{\o}rgensen, Bo Barker},
  journal={Frontiers in microbiology},
  volume={6},
  year={2015},
  publisher={Frontiers Media SA}
}

@Misc{pain2016keep,
  Author = "Elisabeth Pain",
  Title  = "\emph{How to keep up with the scientific literature?}",
  Note   = "\url{http://www.sciencemag.org/careers/2016/11/how-keep-scientific-literature}
           [Accessed: January 2017]",
  year = 2016,
  month = 11,
  day = 30
}

@Misc{pain2016how,
  Author = "Elisabeth Pain",
  Title  = "\emph{How to (seriously) read a scientific paper}",
  Note   = "\url{http://www.sciencemag.org/careers/2016/03/how-seriously-read-scientific-paper}
           [Accessed: January 2017]",
  year = 2016,
  month = 03,
  day = 21
}

@article{gingras2009literature,
  title={Literature citations in the internet era},
  author={Gingras, Yves and Larivi{\`e}re, Vincent and Archambault, {\'E}ric},
  journal={Science},
  volume={323},
  number={5910},
  pages={36--36},
  year={2009},
  publisher={American Association for the Advancement of Science}
}

@book{gosling2010mastering,
  title={Mastering your PhD: Survival and success in the doctoral years and beyond},
  author={Gosling, Patricia and Noordam, Lambertus D},
  year={2010},
  publisher={Springer Science \& Business Media}
}
